
@article{angla_transcranial_2022,
	title = {Transcranial ultrasound simulations: {A} review},
	volume = {n/a},
	issn = {2473-4209},
	shorttitle = {Transcranial ultrasound simulations},
	url = {https://onlinelibrary.wiley.com/doi/abs/10.1002/mp.15955},
	doi = {10.1002/mp.15955},
	language = {en},
	number = {n/a},
	urldate = {2023-01-10},
	journal = {Medical Physics},
	year= {2022},
	author = {Angla, Célestine and Larrat, Benoit and Gennisson, Jean-Luc and Chatillon, Sylvain},
	note = {\_eprint: https://onlinelibrary.wiley.com/doi/pdf/10.1002/mp.15955},
	keywords = {CT-scan acoustical properties, skull acoustical properties, skull modeling, transcranial acoustic simulations, transcranial ultrasound focusing, transcranial ultrasound simulations},
	file = {Full Text PDF:/Users/spichardo/Zotero/storage/B346UEG2/Angla et al. - Transcranial ultrasound simulations A review.pdf:application/pdf;Snapshot:/Users/spichardo/Zotero/storage/ZP2DKHQD/mp.html:text/html},
}

@article{aubry_benchmark_2022,
	title = {Benchmark problems for transcranial ultrasound simulation: {Intercomparison} of compressional wave models},
	volume = {152},
	issn = {0001-4966},
	shorttitle = {Benchmark problems for transcranial ultrasound simulation},
	url = {http://asa.scitation.org/doi/10.1121/10.0013426},
	doi = {10.1121/10.0013426},
	number = {2},
	urldate = {2023-01-10},
	journal = {The Journal of the Acoustical Society of America},
	author = {Aubry, Jean-Francois and Bates, Oscar and Boehm, Christian and Butts Pauly, Kim and Christensen, Douglas and Cueto, Carlos and Gélat, Pierre and Guasch, Lluis and Jaros, Jiri and Jing, Yun and Jones, Rebecca and Li, Ningrui and Marty, Patrick and Montanaro, Hazael and Neufeld, Esra and Pichardo, Samuel and Pinton, Gianmarco and Pulkkinen, Aki and Stanziola, Antonio and Thielscher, Axel and Treeby, Bradley and van 't Wout, Elwin},
	month = aug,
	year = {2022},
	note = {Publisher: Acoustical Society of America},
	pages = {1003--1019},
	file = {Full Text:/Users/spichardo/Zotero/storage/PETM6MUP/Aubry et al. - 2022 - Benchmark problems for transcranial ultrasound sim.pdf:application/pdf},
}

@article{pichardo_multi-frequency_2010,
	title = {Multi-frequency characterization of the speed of sound and attenuation coefficient for longitudinal transmission of freshly excised human skulls},
	volume = {56},
	issn = {0031-9155},
	url = {https://dx.doi.org/10.1088/0031-9155/56/1/014},
	doi = {10.1088/0031-9155/56/1/014},
	language = {en},
	number = {1},
	urldate = {2023-01-10},
	journal = {Phys. Med. Biol.},
	author = {Pichardo, Samuel and Sin, Vivian W. and Hynynen, Kullervo},
	month = dec,
	year = {2010},
	pages = {219},
	file = {Accepted Version:/Users/spichardo/Zotero/storage/UVEPI3WN/Pichardo et al. - 2010 - Multi-frequency characterization of the speed of s.pdf:application/pdf},
}

@article{elias_randomized_2016,
	title = {A {Randomized} {Trial} of {Focused} {Ultrasound} {Thalamotomy} for {Essential} {Tremor}},
	volume = {375},
	issn = {0028-4793},
	url = {https://www.nejm.org/doi/10.1056/NEJMoa1600159},
	doi = {10.1056/NEJMoa1600159},
	number = {8},
	urldate = {2023-01-10},
	journal = {N Engl J Med},
	author = {Elias, W. Jeffrey and Lipsman, Nir and Ondo, William G. and Ghanouni, Pejman and Kim, Young G. and Lee, Wonhee and Schwartz, Michael and Hynynen, Kullervo and Lozano, Andres M. and Shah, Binit B. and Huss, Diane and Dallapiazza, Robert F. and Gwinn, Ryder and Witt, Jennifer and Ro, Susie and Eisenberg, Howard M. and Fishman, Paul S. and Gandhi, Dheeraj and Halpern, Casey H. and Chuang, Rosalind and Butts Pauly, Kim and Tierney, Travis S. and Hayes, Michael T. and Cosgrove, G. Rees and Yamaguchi, Toshio and Abe, Keiichi and Taira, Takaomi and Chang, Jin W.},
	month = aug,
	year = {2016},
	note = {Publisher: Massachusetts Medical Society},
	pages = {730--739},
	file = {Full Text PDF:/Users/spichardo/Zotero/storage/XVTGKQ79/Elias et al. - 2016 - A Randomized Trial of Focused Ultrasound Thalamoto.pdf:application/pdf},
}

@article{webb_measurements_2018,
	title = {Measurements of the {Relationship} {Between} {CT} {Hounsfield} {Units} and {Acoustic} {Velocity} and {How} {It} {Changes} {With} {Photon} {Energy} and {Reconstruction} {Method}},
	volume = {65},
	issn = {1525-8955},
	doi = {10.1109/TUFFC.2018.2827899},
	number = {7},
	journal = {IEEE Transactions on Ultrasonics, Ferroelectrics, and Frequency Control},
	author = {Webb, Taylor D. and Leung, Steven A. and Rosenberg, Jarrett and Ghanouni, Pejman and Dahl, Jeremy J. and Pelc, Norbert J. and Pauly, Kim Butts},
	month = jul,
	year = {2018},
	note = {Conference Name: IEEE Transactions on Ultrasonics, Ferroelectrics, and Frequency Control},
	keywords = {Acoustic measurements, Acoustic propagation, acoustics, Acoustics, biomedical acoustics, biomedical imaging, Bones, computed tomography, Computed tomography, Energy measurement, high intensity focused ultrasound, Kernel, Velocity measurement},
	pages = {1111--1124},
	file = {Accepted Version:/Users/spichardo/Zotero/storage/JQMSKDS2/Webb et al. - 2018 - Measurements of the Relationship Between CT Hounsf.pdf:application/pdf;IEEE Xplore Abstract Record:/Users/spichardo/Zotero/storage/BQV8Q739/8340162.html:text/html},
}

@article{webb_acoustic_2021,
	title = {Acoustic {Attenuation}: {Multifrequency} {Measurement} and {Relationship} to {CT} and {MR} {Imaging}},
	volume = {68},
	issn = {1525-8955},
	shorttitle = {Acoustic {Attenuation}},
	doi = {10.1109/TUFFC.2020.3039743},
	number = {5},
	journal = {IEEE Transactions on Ultrasonics, Ferroelectrics, and Frequency Control},
	author = {Webb, Taylor D. and Leung, Steven A. and Ghanouni, Pejman and Dahl, Jeremy J. and Pelc, Norbert J. and Pauly, Kim Butts},
	month = may,
	year = {2021},
	note = {Conference Name: IEEE Transactions on Ultrasonics, Ferroelectrics, and Frequency Control},
	keywords = {Acoustic measurements, acoustic propagation, acoustics, Acoustics, Attenuation, Attenuation measurement, biomedical acoustics, biomedical engineering, biophysics, Bones, computed tomography, Computed tomography, Imaging, Transducers},
	pages = {1532--1545},
	file = {Accepted Version:/Users/spichardo/Zotero/storage/ATPSEB8I/Webb et al. - 2021 - Acoustic Attenuation Multifrequency Measurement a.pdf:application/pdf;IEEE Xplore Abstract Record:/Users/spichardo/Zotero/storage/ZBL6YR59/9266113.html:text/html},
}

@article{chang_factors_2016,
	title = {Factors associated with successful magnetic resonance-guided focused ultrasound treatment: efficiency of acoustic energy delivery through the skull},
	volume = {124},
	issn = {1933-0693, 0022-3085},
	shorttitle = {Factors associated with successful magnetic resonance-guided focused ultrasound treatment},
	url = {https://thejns.org/view/journals/j-neurosurg/124/2/article-p411.xml},
	doi = {10.3171/2015.3.JNS142592},
	language = {en\_US},
	number = {2},
	urldate = {2023-01-10},
	journal = {Journal of Neurosurgery},
	author = {Chang, Won Seok and Jung, Hyun Ho and Zadicario, Eyal and Rachmilevitch, Itay and Tlusty, Tal and Vitek, Shuki and Chang, Jin Woo},
	month = feb,
	year = {2016},
	note = {Publisher: American Association of Neurological Surgeons
Section: Journal of Neurosurgery},
	pages = {411--416},
	file = {Full Text PDF:/Users/spichardo/Zotero/storage/LQG8HXFB/Chang et al. - 2016 - Factors associated with successful magnetic resona.pdf:application/pdf},
}

@article{boutet_relevance_2019,
	title = {The relevance of skull density ratio in selecting candidates for transcranial {MR}-guided focused ultrasound},
	volume = {132},
	issn = {1933-0693, 0022-3085},
	url = {https://thejns.org/view/journals/j-neurosurg/132/6/article-p1785.xml},
	doi = {10.3171/2019.2.JNS182571},
	language = {en\_US},
	number = {6},
	urldate = {2023-01-10},
	journal = {Journal of Neurosurgery},
	author = {Boutet, Alexandre and Gwun, Dave and Gramer, Robert and Ranjan, Manish and Elias, Gavin J. B. and Tilden, David and Huang, Yuexi and Li, Stanley Xiangyu and Davidson, Benjamin and Lu, Hua and Tyrrell, Pascal and Jones, Ryan M. and Fasano, Alfonso and Hynynen, Kullervo and Kucharczyk, Walter and Schwartz, Michael L. and Lozano, Andres M.},
	month = may,
	year = {2019},
	note = {Publisher: American Association of Neurological Surgeons
Section: Journal of Neurosurgery},
	pages = {1785--1791},
}

@inproceedings{thielscher_field_2015,
	title = {Field modeling for transcranial magnetic stimulation: {A} useful tool to understand the physiological effects of {TMS}?},
	shorttitle = {Field modeling for transcranial magnetic stimulation},
	doi = {10.1109/EMBC.2015.7318340},
	booktitle = {2015 37th {Annual} {International} {Conference} of the {IEEE} {Engineering} in {Medicine} and {Biology} {Society} ({EMBC})},
	author = {Thielscher, Axel and Antunes, Andre and Saturnino, Guilherme B},
	month = aug,
	year = {2015},
	note = {ISSN: 1558-4615},
	keywords = {Brain modeling, Coils, Electric fields, Electrodes, Finite element analysis, Head, Magnetic heads},
	pages = {222--225},
	file = {IEEE Xplore Abstract Record:/Users/spichardo/Zotero/storage/AGDUVYDB/7318340.html:text/html},
}

@article{mcdannold_elementwise_2019,
	title = {Elementwise approach for simulating transcranial {MRI}-guided focused ultrasound thermal ablation},
	volume = {1},
	url = {https://link.aps.org/doi/10.1103/PhysRevResearch.1.033205},
	doi = {10.1103/PhysRevResearch.1.033205},
	number = {3},
	urldate = {2023-01-10},
	journal = {Phys. Rev. Res.},
	author = {McDannold, Nathan and White, P. Jason and Cosgrove, Rees},
	month = dec,
	year = {2019},
	note = {Publisher: American Physical Society},
	pages = {033205},
	file = {APS Snapshot:/Users/spichardo/Zotero/storage/MPT2EEGJ/PhysRevResearch.1.html:text/html;Full Text PDF:/Users/spichardo/Zotero/storage/5EYDU3JX/McDannold et al. - 2019 - Elementwise approach for simulating transcranial M.pdf:application/pdf},
}

@article{bancel_comparison_2021,
	title = {Comparison {Between} {Ray}-{Tracing} and {Full}-{Wave} {Simulation} for {Transcranial} {Ultrasound} {Focusing} on a {Clinical} {System} {Using} the {Transfer} {Matrix} {Formalism}},
	volume = {68},
	issn = {1525-8955},
	doi = {10.1109/TUFFC.2021.3063055},
	number = {7},
	journal = {IEEE Transactions on Ultrasonics, Ferroelectrics, and Frequency Control},
	author = {Bancel, Thomas and Houdouin, Alexandre and Annic, Philippe and Rachmilevitch, Itay and Shapira, Yeruham and Tanter, Mickaël and Aubry, Jean-François},
	month = jul,
	year = {2021},
	note = {Conference Name: IEEE Transactions on Ultrasonics, Ferroelectrics, and Frequency Control},
	keywords = {Aberration correction, Acoustics, clinical system, high-intensity focused ultrasound (HIFU), Insightec, k-wave toolbox, numerical modeling, Pressure measurement, ray tracing, Ray tracing, Sonar equipment, Spatial resolution, transcranial focusing, Transducers, Ultrasonic imaging, ultrasound},
	pages = {2554--2565},
	file = {IEEE Xplore Abstract Record:/Users/spichardo/Zotero/storage/J8FQCV2D/9367003.html:text/html;Submitted Version:/Users/spichardo/Zotero/storage/UI44HPZ5/Bancel et al. - 2021 - Comparison Between Ray-Tracing and Full-Wave Simul.pdf:application/pdf},
}

@article{marsac_ex_2017,
	title = {Ex vivo optimisation of a heterogeneous speed of sound model of the human skull for non-invasive transcranial focused ultrasound at 1 {MHz}},
	volume = {33},
	issn = {0265-6736},
	url = {https://doi.org/10.1080/02656736.2017.1295322},
	doi = {10.1080/02656736.2017.1295322},
	number = {6},
	urldate = {2023-01-10},
	journal = {International Journal of Hyperthermia},
	author = {Marsac, L. and Chauvet, D. and La Greca, R. and Boch, A.-L. and Chaumoitre, K. and Tanter, M. and Aubry, J.-F.},
	month = aug,
	year = {2017},
	pmid = {28540778},
	note = {Publisher: Taylor \& Francis
\_eprint: https://doi.org/10.1080/02656736.2017.1295322},
	keywords = {High intensity focused ultrasound, modelling, thermal ablation, ultrasound},
	pages = {635--645},
	file = {Full Text PDF:/Users/spichardo/Zotero/storage/VJL22ZQ9/Marsac et al. - 2017 - Ex vivo optimisation of a heterogeneous speed of s.pdf:application/pdf},
}

@article{pintonAttenuationScatteringAbsorption2012,
  title = {Attenuation, Scattering, and Absorption of Ultrasound in the Skull Bone},
  author = {Pinton, Gianmarco and Aubry, Jean-Francois and Bossy, Emmanuel and Muller, Marie and Pernot, Mathieu and Tanter, Mickael},
  date = {2012},
  journaltitle = {Medical Physics},
  volume = {39},
  number = {1},
  pages = {299--307},
  issn = {2473-4209},
  doi = {10.1118/1.3668316},
  url = {https://onlinelibrary.wiley.com/doi/abs/10.1118/1.3668316},
  urldate = {2023-01-11},
  langid = {english},
  keywords = {absorption,absorption coefficients,Acoustic absorption,acoustic field,Acoustic wave attenuation,acoustic wave interferometers,Acoustical measurements,attenuation,Biological effects of acoustic and ultrasonic energy,Biomedical instrumentation and transducers,biomedical ultrasonics,bone,Cameras,Computed tomography,Computerised tomographs,computerised tomography,Diagnosis using ultrasonic,e.g. for hydrophone,finite difference time-domain analysis,Finite-difference methods,hydrophones,including micro-electro-mechanical systems (MEMS),light interferometers,sonic or infrasonic waves,Special adaptations for subaqueous use,temperature measurement,Temperature measurement,Transducers,ultrasonic absorption,Ultrasonic attenuation,ultrasonic propagation,ultrasonic scattering,Ultrasonics,ultrasound,Wave attenuation,Wave propagation},
  annotation = {\_eprint: https://onlinelibrary.wiley.com/doi/pdf/10.1118/1.3668316},
  file = {/Users/spichardo/Zotero/storage/VAPQ43ZJ/Pinton et al. - 2012 - Attenuation, scattering, and absorption of ultraso.pdf;/Users/spichardo/Zotero/storage/ENYE54QJ/1.html}
}

@book{alma991012368939704336,
author = {Carcione, José M.},
address = {Amsterdam},
booktitle = {Wave fields in real media : wave propagation in anisotropic, anelastic, porous and electromagnetic media},
edition = {Third edition.},
isbn = {9780081000038},
keywords = {Seismic waves},
language = {eng},
publisher = {Elsevier},
series = {Handbook of geophysical exploration. Seismic exploration ; 38},
title = {Wave fields in real media : wave propagation in anisotropic, anelastic, porous and electromagnetic media },
year = {2015},
}

@article{pichardoViscoelasticModelPrediction2017b,
  title = {A Viscoelastic Model for the Prediction of Transcranial Ultrasound Propagation: {{Application}} for the Estimation of Shear Acoustic Properties in the Human Skull},
  shorttitle = {A Viscoelastic Model for the Prediction of Transcranial Ultrasound Propagation},
  author = {Pichardo, Samuel and Moreno, Carlos and Drainville, Andrew and Sin, Vivian and Curiel, Laura and Hynynen, Kullervo},
  date = {2017-08-07},
  journaltitle = {Physics in medicine and biology},
  shortjournal = {Phys Med Biol},
  volume = {62},
  number = {17},
  eprint = {28783716},
  eprinttype = {pmid},
  pages = {6938--6962},
  issn = {0031-9155},
  doi = {10.1088/1361-6560/aa7ccc},
  url = {https://www.ncbi.nlm.nih.gov/pmc/articles/PMC5751709/},
  urldate = {2023-01-11},
  pmcid = {PMC5751709},
  file = {/Users/spichardo/Zotero/storage/BUELJXNY/Pichardo et al. - 2017 - A viscoelastic model for the prediction of transcr.pdf}
}
